@article{ Dougetal2008,
	Author = {  Doug Howe, Maria Costanzo, Petra Fey, Takashi Gojobori, Linda Hannick, Winston Hide, David P. Hill, Renate Kania, Mary Schaeffer, Susan St Pierre,Simon Twigger,Owen White, and Seung Yon Rhee1 },
	Title = { Big data: The future of biocuration.  },
	Journal = { PubMed Central (PMC) },
	Volume = {455}
	Pages = {47-50},
	Year = {2008}
}

@misc{ hull2016,
	author = {Dr A.N Boa},
	title = {Introduction to Drug Discovery},
	howpublished = {\url{http://www.hull.ac.uk/php/chsanb/DrugDisc/Introduction%20to%20Drug%20Discovery%202012.pdf}},
	note = {Accessed: 2016-11-28}
}

@book{ Jurgen2004,
	Author = { JÃ¼rgen Bajorath },
	title = { Chemoinformatics: Concepts, Methods and Tools for Drug Discovery},
	year = {2004},
	publisher = {Humana Press},
	address = {Totowa, New Jersey}
}

@article { Hassanetal2005,
	author = { Hassan Pajouhesh and George R. Lenz},
	title = { Medicinal Chemical Properties of Successful Central Nervous System Drugs },
	journal = {The American Society for Experimental NeuroTherapeutics},
	volume = {2},
	pages = {541-553},
	year = {2005}
}

@article { Antonio2015,
	author = {Antonio Lavecchia},
	title = {Machine Learning approaches in Drug Discovery: methods and applications},
	journal = {Drug Discovery Today},
	volume = {20},
	pages = {318-331},
	year = {2015}
}