@book{ StephenM2014,
	Author = {Stephen Marshall},
	Title = {Machine Learning: An Algorithmic Perspective},
	Year = {2014},
	publisher = {Chapman and Hall/CRC},
	edition = {2nd}
}

@book{ Mitchell1997,
	Author = {Tom Mitchell},
	Title = {Machine Learning},
	Year = {1997},
	publisher = {McGraw-Hill International Editions},
	edition = {1st Edition}
}

@book{ Mueller2016,
	Author = { Andreas C. M\"uller, Sarah Guido },
	Title = {Introduction to Machine Learning with Python: A Guide for Data scientists},
	Year = {2016},
	Publisher = {O'Reilly - O'Reilly Media},
	Edition = {1st}
}

@article{ Cunninghametal1984,
	Author = { Cunningham TF, Healy AF, Williams DM },
	Title = { Effects of repetition on short-term retention of order information },
	Journal = { Journal of Experimental Psychology: Learning, Memory and Cognition. },
	Volume = {10}
	Pages = {575-597},
	Year = {1984}
}

@article{ FKBrown1998,
	Author = {F.K. Brown},
	Title = {Chemoinformatics: What is it and How does it impact Drug Discovery},
	Journal = {Annual Reports in Medicinal Chemistry},
	Volume = {33},
	Pages = {375-384},
	Year = {1998}
}

@book{ Jurgen2004,
	Author = { Jürgen Bajorath },
	title = { Chemoinformatics: Concepts, Methods and Tools for Drug Discovery},
	year = {2004},
	publisher = {Humana Press},
	address = {Totowa, New Jersey}
}

@article { Pierre2006,
	Author = { Pierre Geurts, Damien Ernst, Louis Wehenkel },
	Title = { Extremely randomized trees },
	Year = {2006},
	note = {\url{http://www.montefiore.ulg.ac.be/~ernst/uploads/news/id63/extremely-randomized-trees.pdf}}
}

@electronic{ CAS2016,
	author = {CAS, Chemical abstracts service home page},
	title = {CAS REGISTRY - The gold standard for chemical substance information},
	note = {\url{http://www.cas.org/content/chemical-substances}},
	year = {2016, accessed November 7, 2016}
}

@electronic{ ScikitLearn2016,
	author = {Scikit-Learn},
	note = {\url{http://scikit-learn.org/}},
	year = {2016, accessed November 7, 2016}
}

@electronic{ OpenBabel2017,
	author = {OpenBabel},
	note = {\url{https://openbabel.org/wiki/SMARTS}},
	year = {2017, accessed March 8, 2017}
}

@article{ Anaetal2012,
	author = {Ines Filipa Martins,Ana L. Teixeira,Luis Pinheiro, and Andre O. Falcao},
	Title = {A Bayesian Approach to in Silico Blood-Brain Barrier Penetration Modeling},
	Journal = {Journal of Chemical Information and Modelling},
	Volume = {52},
	Pages = {1686−1697},
	Year = {2012}
}

@article{ JohnMaggiora1990,
	Author = {Johnson, M. A. and Maggiora, G. M. },
	Title = {Concepts and applications of molecular similarity},
	publisher = {Wiley, New York},
	Year = {1990}
}

@phdthesis{ AnaPhd2014,
	author = {Ana L. Teixeira},
	Title = {Machine learning methods for quantitative structure-property relationship modelling },
	school = {Universidade De Lisboa, Faculdade De Ciências },
	Year = {2014}
}


@article{ Thomasetal2014,
	Author = {Thomas Unterthiner, Andreas Mayr, Günter Klambauer, Marvin Steijaert, Jörg Wegner, Hugo Ceulemans, Sepp Hochreiter},
	Title = {Deep Learning as an Opportunity in Virtual Screening},
	Journal = {Conference, Neural Information Processing Systems Foundation},
	Year = {2014}
}

@article{ Dougetal2008,
	Author = {  Doug Howe, Maria Costanzo, Petra Fey, Takashi Gojobori, Linda Hannick, Winston Hide, David P. Hill, Renate Kania, Mary Schaeffer, Susan St Pierre,Simon Twigger,Owen White, and Seung Yon Rhee1 },
	Title = { Big data: The future of biocuration.  },
	Journal = { PubMed Central (PMC) },
	Volume = {455}
	Pages = {47-50},
	Year = {2008}
}

@article{ Yairetal2008,
	Author = { Yair Goldberg, Alon Zakai, Dan Kushnir and Ya’acov Ritov },
	Title = {Manifold Learning: The Price of Normalization},
	Journal = {Journal of Machine Learning Research},
	Year = {2008},
	note = {\url{http://www.jmlr.org/papers/volume9/goldberg08a/goldberg08a.pdf}},
	note = {Accessed: 2017-04-26}
}

@article{ Sculley2010,
	Author = {D. Sculley},
	Title = {Web Scale K-Means Clustering},
	Journal = {Proceedings of the 19th international conference on World Wide Web},
	Year = {2010},
	note = {\url{http://www.eecs.tufts.edu/~dsculley/papers/fastkmeans.pdf}}
}

@misc{ hull2016,
	author = {Dr A.N Boa},
	title = {Introduction to Drug Discovery},
	howpublished = {\url{http://www.hull.ac.uk/php/chsanb/DrugDisc/Introduction%20to%20Drug%20Discovery%202012.pdf}},
	note = {Accessed: 2016-11-28}
}

@book{ Jurgen2004,
	Author = { Jürgen Bajorath },
	title = { Chemoinformatics: Concepts, Methods and Tools for Drug Discovery},
	year = {2004},
	publisher = {Humana Press},
	address = {Totowa, New Jersey}
}


@article { Hassanetal2005,
	author = { Hassan Pajouhesh and George R. Lenz},
	title = { Medicinal Chemical Properties of Successful Central Nervous System Drugs },
	journal = {The American Society for Experimental NeuroTherapeutics},
	volume = {2},
	pages = {541-553},
	year = {2005}
}

@article { RobertoViviana2009,
	author = { Roberto Todeschini and Viviana Consonni },
	title = { Molecular Descriptors for Chemoinformatics },
	journal = {Wiley-VCH},
	volume = {2},
	year = {2009},
	howpublished = {\url{http://www.moleculardescriptors.eu/books/handbook.htm}},
	note = {Accessed: 2017-03-26}
}

@article { Antonio2015,
	author = {Antonio Lavecchia},
	title = {Machine Learning approaches in Drug Discovery: methods and applications},
	journal = {Drug Discovery Today},
	volume = {20},
	pages = {318-331},
	year = {2015}
}

@misc{ DrugsCom,
	title = {	Caffeine/ergotamine: Indications, Side Effects, Warnings - Drugs.com},
	author = {Drugs.com},
	howpublished = {\url{https://www.drugs.com/cdi/caffeine-ergotamine.html}},
	note = {Accessed: 2016-12-11}
}